<?xml version="1.0" encoding="UTF-8"?><collection xmlns="http://www.loc.gov/MARC21/slim"><record><leader>00575nam--2200181-i-4500</leader><controlfield tag="001">000039654</controlfield><controlfield tag="002">20161230</controlfield><controlfield tag="005">20161230201042</controlfield><controlfield tag="008">060222s1000------------r-----000-0-fre-d</controlfield><datafield ind1=" " ind2=" " tag="040"><subfield code="a">IFIN-HH</subfield></datafield><datafield ind1=" " ind2=" " tag="041"><subfield code="a">fre</subfield></datafield><datafield ind1=" " ind2=" " tag="080"><subfield code="a">535.33.1</subfield></datafield><datafield ind1="1" ind2=" " tag="100"><subfield code="a">Rossi, Inga</subfield></datafield><datafield ind1="1" ind2="0" tag="245"><subfield code="a">Etude comparee par spectroscopie infrarouge des vibrateurs cd et ch de quelques haloformes a l`etat gazeux et en solution</subfield><subfield code="b">These</subfield><subfield code="c">Inga rossi</subfield></datafield><datafield ind1=" " ind2=" " tag="260"><subfield code="a">Paris</subfield><subfield code="b">Faculte Des Dciences De L'Universite De Paris</subfield><subfield code="c">1970</subfield></datafield><datafield ind1=" " ind2=" " tag="300"><subfield code="a">92P.+ 15 FIG</subfield></datafield><datafield ind1=" " ind2=" " tag="852"><subfield code="a">34353</subfield><subfield code="c">535.33</subfield></datafield><datafield ind1=" " ind2=" " tag="CAT"><subfield code="a">Sys</subfield><subfield code="c">20101206</subfield><subfield code="h">090358</subfield></datafield></record></collection>